@online{JMeterRemote,
author = {Apache},
title = {Apache JMeter - User’s Manual: Remote (Distributed) Testing},
year = {2016},
howpublished = "\url{http://jmeter.apache.org/usermanual/remote-test.html}",
url = {http://jmeter.apache.org/usermanual/remote-test.html},
note = "[Online; accessed 27-December-2016]"
}

@online{NGrinder,
	author = {ngrinder},
	title = {nGrinder},
	year = {2016},
howpublished = "\url{https://github.com/naver/ngrinder}",
	url = {https://github.com/naver/ngrinder},
	note = "[Online; accessed 02-January-2016]"
}

@online{Hey,
	author = {jbd@rakyll},
	title = {hey},
	year = {2016},
	howpublished = "\url{https://github.com/rakyll/hey}",
	url = {https://github.com/rakyll/hey},
	note = "[Online; accessed 04-January-2016]"
}

@online{CGroup,
	author = {{Cloud Foundry Foundation}},
	title = {CPU | Warden | Cloud Foundry Docs},
	year = {2016},
	howpublished = "\url {https://docs.cloudfoundry.org/concepts/architecture/warden.html#cpu}",
	url = {https://docs.cloudfoundry.org/concepts/architecture/warden.html#cpu},
	note = "[Online; accessed 29-December-2016]"
}

@online{Pivotal,
	author = {{Cloud Foundry Foundation}},
	title = {Cloud Foundry},
	year = {2016},
		howpublished = "\url {http://www.cloudfoundry.org/}",
	url = {http://www.cloudfoundry.org/},
	note = "[Online; accessed 17-January-2017]"
}

@online{Warden,
	author = {{Cloud Foundry Foundation}},
	title = {Linux Implementation | Warden | Cloud Foundry Docs},
	year = {2016},
	howpublished = "\url {https://docs.cloudfoundry.org/concepts/architecture/warden.html#linux}",
	url = {https://docs.cloudfoundry.org/concepts/architecture/warden.html#linux},
	note = "[Online; accessed 17-January-2017]"
}

@online{Diego,
	author = {{Cloud Foundry Foundation}},
	title = {Diego Architecture},
	year = {2016},
	howpublished = "\url {https://docs.cloudfoundry.org/concepts/diego/diego-architecture.html}",
	url = {https://docs.cloudfoundry.org/concepts/diego/diego-architecture.html},
	note = "[Online; accessed 17-January-2017]"
}

@online{BBS,
	author = { {Cloud Foundry Foundation}},
	title = {Diego Bulletin Board System},
	year = {2016},
	howpublished = "\url {https://docs.cloudfoundry.org/concepts/diego/diego-architecture.html#bbs}",
	url = {https://docs.cloudfoundry.org/concepts/diego/diego-architecture.html#bbs},
	note = "[Online; accessed 17-January-2017]"
}

@online{Garden,
	author = { {Cloud Foundry Foundation}},
	title = {Cloud Foundry Garden},
	year = {2016},
	howpublished = "\url {https://github.com/cloudfoundry/garden}",
	url = {https://github.com/cloudfoundry/garden},
	note = "[Online; accessed 17-January-2017]"
}

@online{Gorouter,
	author = { {Cloud Foundry Foundation}},
	title = {Cloud Foundry Garden},
	year = {2016},
	howpublished = "\url {https://docs.cloudfoundry.org/concepts/architecture/router.html}",
	url = {https://docs.cloudfoundry.org/concepts/architecture/router.html},
	note = "[Online; accessed 17-January-2017]"
}

@online{HAProxy,
	author = { {Cloud Foundry Foundation}},
	title = { Scalable Components | High Availability in Cloud Foundry},
	year = {2016},
	howpublished = "\url {https://docs.cloudfoundry.org/concepts/high-availability.html#processes}",
	url = {https://docs.cloudfoundry.org/concepts/high-availability.html#processes},
	note = "[Online; accessed 17-January-2017]"
}

@online{ELK,
	author = { Vaderzyden, John},
	title = { Welcome to the ELK stack: Elasticsearch, Logstash and Kibana},
	year = {2015},
	month={July},
	howpublished = "\url {https://qbox.io/blog/welcome-to-the-elk-stack-elasticsearch-logstash-kibana}",
	url = {https://qbox.io/blog/welcome-to-the-elk-stack-elasticsearch-logstash-kibana},
	note = "[Online; accessed 18-January-2017]"
}

@online{Logstash,
	author = {elastic},
	title = {Centralize, Transform & Stash Your Data | Elastic},
	year = {2017},
	month={July},
	url = {https://www.elastic.co/products/logstash},
	note = "[Online; accessed 18-January-2017]"
}

@online{Kibana,
	author = {elastic},
	title = {Your Window into the Elastic Stack | Elastic},
	year = {2017},
	month={July},
	howpublished = "\url {https://www.elastic.co/products/kibana}",
	url = {https://www.elastic.co/products/kibana},
	note = "[Online; accessed 18-January-2017]"
}

@online{cfstatistics,
	author = {JamesClonk},
	title = {Cloud Foundry CLI Statistics Plugin
	},
	year = {2017},
	howpublished = "\url {https://github.com/swisscom/cf-statistics-plugin}",
	url = {https://github.com/swisscom/cf-statistics-plugin},
	note = "[Online; accessed 19-January-2017]"
}

@online{cloudcontroller,
	author = {{Pivotal Software}},
	title = {Cloud Controller},
	year = {2017},
	howpublished = "\url {https://docs.pivotal.io/pivotalcf/1-7/concepts/architecture/cloud-controller.html}",
	url = {https://docs.pivotal.io/pivotalcf/1-7/concepts/architecture/cloud-controller.html},
	note = "[Online; accessed 19-January-2017]"
}

@online{toad,
	author = {{The Eclipse Foundation}},
	title = {Toad Extension for Eclipse},
	year = {2017},
	howpublished = "\url {https://marketplace.eclipse.org/content/toad-extension-eclipse}",
	url = {https://marketplace.eclipse.org/content/toad-extension-eclipse},
	note = "[Online; accessed 19-January-2017]"
}

@online{chisel,
	author = {Takeshi Morikawa},
	title = {chisel},
	year = {2017},
	howpublished = "\url {https://github.com/morikat/chisel}",
	url = {https://github.com/morikat/chisel},
	note = "[Online; accessed 19-January-2017]"
}

@online{SSH,
	author = {{Cloud Foundry Foundation}},
	title = {Accessing service with SSH},
	year = {2017},
	howpublished = "\url {https://docs.cloudfoundry.org/devguide/deploy-apps/ssh-services.html}",
	url = {https://docs.cloudfoundry.org/devguide/deploy-apps/ssh-services.html},
	note = "[Online; accessed 19-January-2017]"
}

@online{pgpool,
	author = {{The PostgreSQL Global Development Group}},
	title = {Applications DataSource},
	year = {2017},
	howpublished = "\url {https://jdbc.postgresql.org/documentation/94/ds-ds.html}",
	url = {https://jdbc.postgresql.org/documentation/94/ds-ds.html},
	note = "[Online; accessed 25-January-2017]"
}

@online{dbcp,
	author = {{The Apache Software Foundation}},
	title = {The DBCP Component},
	year = {2017},
	howpublished = "\url {https://commons.apache.org/proper/commons-dbcp/}",
	url = {https://commons.apache.org/proper/commons-dbcp/},
	note = "[Online; accessed 25-January-2017]"
}

@online{hikari,
	author = {Brett Wooldridge},
	title = {HikariCP},
	year = {2017},
	howpublished = "\url {https://github.com/brettwooldridge/HikariCP}",
	url = {https://github.com/brettwooldridge/HikariCP},
	note = "[Online; accessed 25-January-2017]"
}

@online{poolsize,
	author = {Brett Wooldridge},
	title = {About Pool Sizing},
	year = {2017},
	howpublished = "\url {https://github.com/brettwooldridge/HikariCP/wiki/About-Pool-Sizing}",
	url = {https://github.com/brettwooldridge/HikariCP/wiki/About-Pool-Sizing},
	note = "[Online; accessed 25-January-2017]"
}

@online{threadpool,
	author = {{The Eclipse Foundation}},
	title = {High Load | Chapter 20. Optimizing Jetty},
	year = {2017},
	howpublished = "\url {http://www.eclipse.org/jetty/documentation/current/high-load.html#_operating_system_tuning}",
	url = {http://www.eclipse.org/jetty/documentation/current/high-load.html#_operating_system_tuning},
	note = "[Online; accessed 25-January-2017]"
}

@online{Benchmark,
	author = {TechEmpower},
	title = {Web Framework Benchmarks},
	year = {2017},
	howpublished = "\url {https://www.techempower.com/benchmarks/#section=data-r13&hw=ph&test=fortune}",
	url = {https://www.techempower.com/benchmarks/#section=data-r13&hw=ph&test=fortune},
	note = "[Online; accessed 29-January-2017]"
}

@online{node-pg,
	author = {Brian C},
	title = {node-postgres},
	year = {2017},
	howpublished = "\url {https://github.com/brianc/node-postgres}",
	url = {https://github.com/brianc/node-postgres},
	note = "[Online; accessed 29-January-2017]"
}

@misc{Google,
	author = {internetlivestats.com},
	title = {1 Second - Internet Live Stats},
	year = {2017},
	howpublished = "\url{http://www.internetlivestats.com/one-second/#google-band/}",
	note = "[Online; accessed 09-February-2017]"
}

@techreport{node-related,
	title = {{Performance Comparison and Evaluation of Web Development Technologies in PHP, Python and Node.js}},
	author = {Kai Lei and Yining Ma and Zhi Tan},
	group = {csg},
	year = {2014},
	institution = {Institute of Big Data Technologies and Shenzhen Key Lab for Cloud Computing Technology & Applications (SPCCTA), School of Electronics and Computer and Engineering (SECE), Peking University},
	month = {01},
	Date-Added = {2017-02-09 10:05:52},
	Date-Modified = {2017-02-09 12:08:45}
}

@techreport{java-related,
	title = {{A comparison between Java and PHP}},
	author = {Pedro Neves and Nuno Paiva and Joao Duraes},
	group = {csg},
	year = {2013},
	institution = {Coimbra Institute of Engineering},
	month = {01},
	Date-Added = {2017-02-09 10:05:52},
	Date-Modified = {2017-02-09 12:08:45}
}

@book{Molyneaux2009,
	Author = {Ian Molyneaux},
	Date-Added = {2017-1-04 13:55:22 +0000},
	Date-Modified = {2017-1-04 14:01:55 +0000},
	Edition = {3. Auflage},
	Keywords = {Writing},
	Month = {September},
	Publisher = {O’Reilly Media, Inc.},
	Title = {The Art of Application Performance Testing: Help for Programmers and Quality Assurance},
	Year = {2009}
}
