
@book{Kornmeier2011,
	Author = {Marin Kornmeier},
	Date-Added = {2012-04-04 12:07:45 +0000},
	Date-Modified = {2012-04-04 12:09:25 +0000},
	Edition = {4.},
	Keywords = {Writing},
	Publisher = {UTB},
	Title = {Wissenschaftlich schreiben leicht gemacht},
	Year = {2011}}

@book{Kramer2009,
	Author = {Walter Kr{\"a}mer},
	Date-Added = {2011-10-27 13:55:22 +0000},
	Date-Modified = {2011-10-27 14:01:55 +0000},
	Edition = {3. Auflage},
	Keywords = {Writing},
	Month = {September},
	Publisher = {Campus Verlag},
	Title = {Wie schreibe ich eine Seminar- oder Examensarbeit?},
	Year = {2009}}

@book{Willberg1999,
	Author = {Hans Peter Willberg and Friedrich Forssmann},
	Date-Added = {2011-11-10 08:58:09 +0000},
	Date-Modified = {2012-01-24 19:24:12 +0000},
	Keywords = {Writing},
	Publisher = {Verlag Hermann Schmidt},
	Title = {Erste Hilfe in Typographie},
	Year = {1999}}

@book{Forssman2002,
	Author = {Friedrich Forssman and Ralf de Jong},
	Date-Added = {2012-01-24 19:20:46 +0000},
	Date-Modified = {2012-01-24 19:21:56 +0000},
	Keywords = {Writing},
	Publisher = {Verlag Hermann Schmidt},
	Title = {Detailtypografie},
	Year = {2002}}

@url{Weber2006,
	Author = {Stefan Weber},
	Date-Added = {2011-10-27 14:30:30 +0000},
	Date-Modified = {2011-10-27 14:32:34 +0000},
	Journal = {Telepolis},
	Keywords = {Writing},
	Lastchecked = {2011-10-27},
	Month = {December},
	Title = {Wissenschaft als Web-Sampling},
	Url = {http://www.heise.de/tp/druck/mb/artikel/24/24221/1.html},
	Urldate = {2011-10-27},
	Year = {2006},
	Bdsk-Url-1 = {http://www.heise.de/tp/druck/mb/artikel/24/24221/1.html}}

